@inproceedings{Kavan2005,
  doi = {10.1145/1053427.1053429},
  url = {https://doi.org/10.1145/1053427.1053429},
  year = {2005},
  publisher = {{ACM} Press},
  author = {Ladislav Kavan and Ji{\v{r}}{\'{\i}} {\v{Z}}{\'{a}}ra},
  title = {Spherical blend skinning},
  booktitle = {Proceedings of the 2005 symposium on Interactive 3D graphics and games  - {SI}3D {\textquotesingle}05}
}
@article{Kavan2008,
  doi = {10.1145/1409625.1409627},
  url = {https://doi.org/10.1145/1409625.1409627},
  year = {2008},
  month = oct,
  publisher = {Association for Computing Machinery ({ACM})},
  volume = {27},
  number = {4},
  pages = {1--23},
  author = {Ladislav Kavan and Steven Collins and Ji{\v{r}}{\'{\i}} {\v{Z}}{\'{a}}ra and Carol O{\textquotesingle}Sullivan},
  title = {Geometric skinning with approximate dual quaternion blending},
  journal = {{ACM} Transactions on Graphics}
}
@article{Le2016,
  doi = {10.1145/2897824.2925959},
  url = {https://doi.org/10.1145/2897824.2925959},
  year = {2016},
  month = jul,
  publisher = {Association for Computing Machinery ({ACM})},
  volume = {35},
  number = {4},
  pages = {1--10},
  author = {Binh Huy Le and Jessica K. Hodgins},
  title = {Real-time skeletal skinning with optimized centers of rotation},
  journal = {{ACM} Transactions on Graphics}
}